<?xml version="1.0" encoding="UTF-8"?><collection xmlns="http://www.loc.gov/MARC21/slim"><record><leader>00360nam--2200121-i-4500</leader><controlfield tag="001">000037725</controlfield><controlfield tag="002">20161230</controlfield><controlfield tag="005">20161230201041</controlfield><controlfield tag="008">060222s1000------------r-----000-0-eng-d</controlfield><datafield ind1=" " ind2=" " tag="245"><subfield code="a">The protection of workers against ionising radiatiions. report submitted to the int.conf....geneva, 1955</subfield></datafield><datafield ind1=" " ind2=" " tag="260"><subfield code="a">Geneva, Ilo, 1955</subfield></datafield><datafield ind1=" " ind2=" " tag="490"><subfield code="a">Int.Dabour Office</subfield></datafield><datafield ind1=" " ind2=" " tag="852"><subfield code="a">12260</subfield></datafield></record></collection>